% Encoding: UTF-8
@book {buesing,
author = { Büsing, Christina },
title = { Graphen- und Netzwerkoptimierung },
publisher = {Spektrum Akademischer Verlag},
isbn = {9783827424228},
keywords = { Lehrbuch , Graph , Optimierung },
year = {2010},
address = { Heidelberg }
}

@book {diestel,
author = { Diestel, Reinhard },
title = { Graphentheorie },
edition = { 4. Auflage } ,
publisher = {Springer},
isbn = {9783642149115},
keywords = { Graphentheorie , Theorie , Lehrbuch },
year = {2010},
address = { Heidelberg [u.a.] }
}

@misc{bodirsky,
  author        = {Manuel Bodirsky},
  title         = {Diskrete Strukturen},
  month         = {Januar},
  year          = {2020},
  publisher     = {TU Dresden, Institut für Algebra},
  howpublished  = {Vorlesungsskript},
  url           = {http://www.math.tu-dresden.de/~bodirsky/lehre/Diskrete-Strukturen.pdf},
  urldate       = {31.01.2020}
}

@misc{mehlhorn,
  author        = {Kurt Mehlhorn},
  title         = {Welche Probleme können Rechner (effizient) lösen? Die P = NP Frage},
  month         = {Januar},
  year          = {2017},
  publisher     = {Max-Planck-Institut für Informatik},
  howpublished  = {Vortragsfolien},
  url           = {https://www.mpi-inf.mpg.de/fileadmin/inf/d1/teaching/winter16/ideen/folien/Komplexitaet1617.pdf},
  urldate       = {14.01.2020}
}

@Article{Cranston2014,
  author    = {Cranston, Daniel W. and Rabern, Landon},
  title     = {Brooks' Theorem and Beyond},
  year      = {2014},
  copyright = {arXiv.org perpetual, non-exclusive license},
  doi       = {10.48550/ARXIV.1403.0479},
  keywords  = {Combinatorics (math.CO), FOS: Mathematics, FOS: Mathematics, 05C15},
  publisher = {arXiv},
  url       = {https://arxiv.org/abs/1403.0479},
}

@Comment{jabref-meta: databaseType:bibtex;}
